<record><leader>00000cas a22000007a 4500</leader><controlfield tag="001">11609492</controlfield><controlfield tag="008">850123d18931894iauwr ne      0    0eng d</controlfield><datafield ind1=" " ind2=" " tag="010"><subfield code="a">sn 85049511 </subfield></datafield><datafield ind1=" " ind2=" " tag="040"><subfield code="a">INP</subfield><subfield code="b">eng</subfield><subfield code="c">INP</subfield><subfield code="d">OCLCQ</subfield></datafield><datafield ind1=" " ind2=" " tag="042"><subfield code="a">msc</subfield></datafield><datafield ind1="0" ind2=" " tag="130"><subfield code="a">Independent herald (Iowa City, Iowa)</subfield></datafield><datafield ind1="1" ind2="0" tag="245"><subfield code="a">Independent herald.</subfield></datafield><datafield ind1=" " ind2=" " tag="260"><subfield code="a">Iowa City, Iowa :</subfield><subfield code="b">A.W. Ricker &amp; M.T. Mathers,</subfield><subfield code="c">1893-1894.</subfield></datafield><datafield ind1=" " ind2=" " tag="300"><subfield code="a">2 v.</subfield></datafield><datafield ind1=" " ind2=" " tag="310"><subfield code="a">Weekly</subfield></datafield><datafield ind1="0" ind2=" " tag="362"><subfield code="a">Vol. 2, no. 18 (Feb. 8, 1893)-v. 3, no. 20 (Feb. 21, 1894).</subfield></datafield><datafield ind1=" " ind2=" " tag="500"><subfield code="a">Editors: A.W. Ricker &amp; Mattie T. Mathers.</subfield></datafield><datafield ind1=" " ind2=" " tag="752"><subfield code="a">United States</subfield><subfield code="b">Iowa</subfield><subfield code="c">Johnson</subfield><subfield code="d">Iowa City.</subfield></datafield><datafield ind1="0" ind2="0" tag="780"><subfield code="t">Weekly herald (Iowa City, Iowa)</subfield><subfield code="w">(DLC)sn 85049510</subfield></datafield><datafield ind1="0" ind2="0" tag="785"><subfield code="t">Iowa City herald</subfield><subfield code="w">(DLC)sn 85049512</subfield></datafield><datafield ind1="1" ind2=" " tag="029"><subfield code="a">AU@</subfield><subfield code="b">000025841540</subfield></datafield></record>